@article{figgusOriginal,
    title={Applications of Group Theory on Granular Synthesis},
    author={Renato Fabbri e Adolfo Maia Jr.},
    booktitle={SBCM 2007 Proceedings},
    year={2007},
    organization={Sociedade Brasileira de Computação}
}


@Article{ figgusEspacializacao, 
    title={Applications of Group Theory on Sequencing and Spatialization of Granular Sounds},
    author={Renato Fabbri e Adolfo Maia Jr.},
    booktitle={Anais do 6o Congresso de Engenharia de Áudio da AES Brasil},
    year={2008},
    organization={Audio Engineering Society}
}

@Article{ FabbriWavelets, 
    title={Compressão de Áudio via Wavelets, Aproximações Polinomiais e Permutações},
    author={Renato Fabbri and Rafael Santos Mendes},
    booktitle={Anais EADCA 2009},
    year={2009},
    organization={II EADCA - Segundo Encontro dos Alunos e Docentes do Departamento de Engenharia de Computação e Automação Industrial}
}

@article{FabbriSTAT,
  title={A quantitative approach to evolution of music and philosophy},
    author={Vieira, V. and Fabbri, R. and Travieso, G. and Oliveira Jr, O.N. and da Fontoura Costa, L.},
      journal={Journal of Statistical Mechanics: Theory and Experiment},
        volume={2012},
          number={08},
            pages={P08010},
              year={2012},
                publisher={IOP Publishing}
}

@inproceedings{FabbriACL,
  title={Distinguishing between positive and negative opinions with complex network features},
    author={Amancio, D.R. and Fabbri, R. and Oliveira Jr, O.N. and Nunes, M.G.V. and da F Costa, L.},
      booktitle={Proceedings of the 2010 Workshop on Graph-based Methods for Natural Language Processing},
        pages={83--87},
          year={2010},
            organization={Association for Computational Linguistics}
}

@inproceedings{FabbriComplenetVoz, 
  title={Speech Polarity Detection using Complex Networks Measures: First Explorations},
    author={Renato Fabbri and Diego Amancio and Luciano da F. Costa and Osvaldo N. O. Oliveira Jr.},
      booktitle={Complex Networks: Second International Workshop, CompleNet 2010, Rio de Janeiro, Brazil, October 13-15, 2010, Revised Selected Papers},
}


@Article{ FabbriComplenetTexto, 
  title={Opinion Discrimination Using Complex Network Features},
    author={Amancio, D.R. and Fabbri, R. and Oliveira, O.N. and Nunes, M.G.V. and Fontoura Costa, L.},
      journal={Complex Networks},
        pages={154--162},
          year={2011},
            publisher={Springer}
}

@inproceedings{lazaspa,
    title={binaural hrtf based spatialisation: new approaches and implementation},
    author={carty, B. and lazzarini, V.},
    booktitle={dafx 09 proceedings of the 12th international conference on digital audio effects, politecnico di milano, como campus, sept. 1-4, como, italy},
    pages={1--6},
    year={2009},
    organization={Dept. of Electronic Engineering, Queen Mary Univ. of London,}
}

@inproceedings{Wavetable,
    title={Wavetable synthesis 101, a fundamental perspective},
    author={Bristow-Johnson, R.},
    booktitle={Proc. AES Convention},
    volume={101},
    year={1996}
}


@inproceedings{CIPIC,
    title={The cipic hrtf database},
    author={Algazi, V.R. and Duda, R.O. and Thompson, D.M. and Avendano, C.},
    booktitle={Applications of Signal Processing to Audio and Acoustics, 2001 IEEE Workshop on the},
    pages={99--102},
    year={2001},
    organization={IEEE}
}

@Article{ hrtf, 
    title={Introduction to head-related transfer functions (HRTF’s): Representations of HRTF’s in time, frequency, and space},
    author={Cheng, C.I. and Wakefield, G.H.},
    journal={Watermark},
    volume={1},
    year={2012}
}


@Article{ Chowning,
          Author = "John M. Chowning",
          Title = "Digital sound synthesis, acoustics and perception: A rich intersection",
          Journal = "Proceedings of the COST G-6 Conference on Digital Audio Effects (DAFX-00)",
	Year = "{2000}",
	Month = "{Dec}"
 }

@Article{ Geiger,
          Author = "Günter Geiger",
          Title = "Table lookup oscillators using generic integrated wavetables",
          Journal = "Proc. of the 9th Int. Conference on Digital Audio Effects (DAFx-06)",
	Year = "{2006}",
	Month = "{September}"
 }

@Article{ Fulano,
	Author = "CR Newman and CD Frisbie and DA {da Silva} and JL Bredas and PC Ewbank and KR Mann",
	Title = "{Introduction to organic thin film transistors and design of n-channel organic semiconductors}",
	Journal = "{Chemistry of Materials}",
	Year = "{2004}",
	Volume = "v." # {16},
	Number = "{23}",
	Pages = "{4436--4451}",
	Month = "{Nov}",
	DOI = "{10.1021/cm049391x}",
	ISSN = "{0897-4756}",
	Unique-ID = "{ISI:000225078600008}"
}

@Article{ Cicrano,
	Author = "CR Newman and CD Frisbie and DA {da SILVA}",
	Title = "{Introduction to organic thin film transistors and design of n-channel organic semiconductors}",
	Journal = "{Chemistry of Materials}",
	Year = "{2004}",
	Volume = "v. " # {{16}},
	Number = "{23}",
	Pages = "{4436--4451}",
	Month = "{Nov}",
	DOI = "{10.1021/cm049391x}",
	ISSN = "{0897-4756}",
	Unique-ID = "{ISI:000225078600008}"
}

@Article{ JuanPerez,
	Author = "CD Dimitrakopoulos and DJ Mascaro",
	Title = "{Organic thin-film transistors: a review of recent advances}",
	Journal = "{IBM Journal of Research and Development}",
	Year = "{2001}",
	Volume = "v. " # {{45}},
	Number = "{1}",
	Pages = "{11--27}",
	Month = "{Jan}",
	ISSN = "{0018-8646}",
	Unique-ID = "{ISI:000167725000002}"
}

@Book{ JeanDupont,
	title = "Introduction to solid state physics",
	author = "Charles Kittel",
	publisher = "John Willey \& Songs",
	address = "Hoboken, NJ",
	edition = "8",
	year = "2005",
	isbn = "0-471-41526-X"
}
@Book{ Cook,
	title = "Real sound synthesis for interactive applications",
	author = "Perry R. Cook",
	publisher = "A K Peters",
	address = "Natick, Massachusetts",
	year = "2002",
	isbn = "1-56881-168-3"
}
@Book{ audioMedia,
	title = "Audio in media",
	author = "Alten, Stanley R.",
	publisher = "Wadsworth Publishing",
	year = "2010",
	isbn = "978-0495572398"
}

@Book{ Everest,
	title = "Master Handbook of Acoustics",
	author = "F. Anton Everest",
	publisher = "McGraw-Hill",
	year = "2001",
	isbn = "0-07-136097-2"
}
@Book{ Webern, 
    title="O caminho para a música nova",
    author="Anton Webern",
    publisher="Novas Metas",
    year="1984"
}
@article{Weber-Fechner,
    title={The neural basis of the Weber--Fechner law: A logarithmic mental number line},
    author={Dehaene, S.},
    journal={Trends in cognitive sciences},
    volume={7},
    number={4},
    pages={145--147},
    year={2003},
    publisher={Elsevier}
}
@Book{ Wisnick, 
	title = "O som e o sentido",
	author = "José Miguel Wisnik",
	publisher = "Companhia das Letras",
	year = "1999",
	isbn = "8571640424"
}

@book{python,
  title={Python reference manual},
    author={Van Rossum, G. and Drake\;Jr, F.L.},
      year={1995},
        publisher={Centrum voor Wiskunde en Informatica}
}
@Book{ Lovelock, 
    title={A concise history of music},
    author={Lovelock, W. and Holloway, E.},
    year={1953},
    publisher={Bell}
}
@Book{ protocolosAudio, }
@Book{ microtonalidade, 
  title={Tuning in: Microtonality in Electronic Music: a Basic Guide to Alternate Scales, Temperaments, and Microtuning Using Synthesizers},
    author={Wilkinson, S.R. and Laubach, K. and Schiff, R.S. and Eiche, J.},
      year={1988},
        publisher={H. Leonard Books}
}
@Book{ rythm, }
@book{harmEXT,
  title={Tonal Harmony: With an Introduction to Twentieth},
    author={Kostka, S.M. and Clendinning, J.P. and Ottman, R. and Phillips, J.},
      year={1995},
        publisher={McGraw-Hill}
}
@Book{ harmFunc, }
@Book{ Harmony,
        title={Harmony \& voice leading},
        author={Aldwell, E. and Schachter, C. and Cadwallader, A.},
        year={2010},
        publisher={Wadsworth Publishing Company}
}
@Book{ Sacks,
        title={Musicophilia: Tales of Music and the Brain, Revised and Expanded Edition.},
        author={Sacks, O.},
        year={2008},
        publisher={Knopf Doubleday Publishing Group},
        isbn="9781400033539"
}

@Book{ Zampronha, 
    title="Notação, Representação e Composição",
    author="Edson Zampronha",
    year="2000",
    publisher="Anablume",
    }
@Book{ Lerdahl, 
    title="A Generative Theory of Tonal Music",
    author="Fred Lerdahl and Ray Jackendoff",
    publisher="MIT Press",
    year="1983",
}

@Book{ procFala, }
@misc{ Koellheuteur, 
    title={Harmonia funcional},
    author={Koellreutter, H.J.},
    year={1986},
    publisher={S{\~a}o Paulo: Ricordi}
}
@book{Salzer,
  title={Structural hearing: Tonal coherence in music},
    author={Salzer, F.},
      volume={1},
        year={1962},
          publisher={Dover publications}
}

@Book{ Emmerson, 
    title={Living electronic music},
    author={Emmerson, S.},
    year={2007},
    publisher={Ashgate Publishing Company}
}
@Book{ Fux, 
    title={The study of counterpoint from Johann Joseph Fux's Gradus ad Parnassum},
    author={Fux, J.J. and Mann, A.},
    volume={277},
    year={1965},
    publisher={WW Norton \& Company}
}
@Book{ gitBook, 
    title={Pro Git},
    author={Chacon, S. and Hamano, J.C. and Pearce, S.},
    volume={288},
    year={2009},
    publisher={Apress}
}

@Book{ Tragtenberg, 
    title={Contraponto: uma arte de compor},
    author={Tragtenberg, L.},
    year={2002},
    publisher={Edusp}
}
@Book{ SchoenbergContra, 
    title={Preliminary exercises in counterpoint},
    author={Schoenberg, A. and Stein, L.},
    year={1963},
    publisher={Faber \& Faber}
}
@book{Gramani,
  title={R{\'\i}tmica viva: a consci{\^e}ncia musical do ritmo},
    author={Gramani, J.E.},
      year={1996},
        publisher={UNICAMP}
}
@Book{ Guidorizzo, 
  title={Um curso de c{\'a}lculo},
    author={Guidorizzi, H.L.},
      year={2001},
        publisher={Livros T{\'e}cnicos e Cient{\'\i}ficos Editora}
}
@article{Messiaen,
  title={Scales, sets, and interval cycles: A taxonomy},
    author={Clough, J. and Engebretsen, N. and Kochavi, J.},
      journal={Music Theory Spectrum},
        pages={74--104},
          year={1999},
            publisher={JSTOR}
}

@Book{ Deleuze, 
  title={What is philosophy?},
    author={Deleuze, G. and Guattari, F.},
      year={1996},
        publisher={Columbia University Press}
}
@Book{ permMusic, 
  title={The fascination of groups},
    author={Budden, F.J. and Budden, FJ},
      year={1972},
        publisher={Cambridge University Press London}
}
@Book{ Zamacois, 
    title="Curso de formas musicales: Con numerosos ejemplos musicales",
    author="Joaquím Zamacois",
    publisher="Barcelona : Idea Books",
    year="2002",
    isbn="84-8236-235-6"
}

@Book{ change, 
  title={Tintinnalogia, or, the Art of Ringing},
    author={Duckworth, R. and Stedman, F.},
      year={2007},
        publisher={Echo Library}
}

@book{guillaume,
  title={Music and acoustics: from instrument to computer},
    author={Guillaume, P.},
      year={2006},
        publisher={Iste}
}

@Book{ Schoenberg, 
    title={Fundamentos da composi{\c{c}}{\~a}o musical},
    author={Schoenberg, A. and Seincman, E.},
    year={1990},
    publisher={Edusp}
}
@Book{ microsound, 
    title={Microsound},
    author={Roads, C.},
    year={2004},
    publisher={MIT press}
}

@Book{ Boulez, 
	Title = "A Música Hoje"}
@Book{ Alfaix, 
    title="Em busca do som",
    author="Gustavo Oliveira Alfaix de Assis",
    publisher="Editora UNESP",
    isbn="8539302079"

    }
@book{Raymond,
  title={The art of Unix programming},
    author={Raymond, E.S.},
      year={2004},
        publisher={Addison-Wesley Professional}
}

@article{Lessig,
        title={Free culture},
        author={Lessig, L.},
        journal={Retrieved February},
        volume={5},
        pages={2006},
        year={2002}
    }
@book{ADSR,
    title={The computer music tutorial},
    author={Roads, C.},
    year={1996},
    publisher={MIT press}
}

@inproceedings{porres2009,
  title={Um External de Aspereza para Puredata \& MAX/MSP},
    author={Porres, A.T. and Pires, A.S.},
      booktitle={Proceedings of the 12th Brazilian Symposium on Computer Music 2009},
        year={2009}
}
@inproceedings{Porres,
  title={An{\'a}lise de Disson{\^a}ncia Sensorial de Espectros Sonoros},
    author={Porres, TA and Manzolli, J. and Furlanete, F.},
      booktitle={Congresso da ANPPOM},
        volume={16},
          year={2006}
}

@Book{ Openheim, 
           title={Discrete-time signal processing},
           author={Oppenheim, A.V. and Schafer, R.W. and Buck, J.R. and others},
           volume={2},
           year={1989},
           publisher={Prentice hall Englewood Cliffs, NJ:}
       }
@Book{ marrom, }
@book{Harmonia,
    title={Harmonia},
    author={Schoenberg, A. and Maluf, M.},
    year={1999},
    publisher={Ed. UNESP}
}
@Book{ floEsp,
       Author="Florivaldo Menezes",
       Title="A Acústica Musical em Palavras e Sons",
       publisher="Ateliê Editorial",
       year="2004"}

@misc{smith,
  title={The Scientist and Engineer’s Guide to Digital Signal Processing, 1999},
    author={Smith, S.W.},
      year={2009},
        publisher={California Technical Publishing, PO Box}
}
@Book{ Lacerda,
	title = "Compêndio de Teoria Elementar da Música",
	author = "Osvaldo Lacerda",
	publisher = "Ricordi Brasileira",
	edition = "9.a EDIÇÃO",
	year = "1966",
}

@Book{ Roederer,
	title = "The Physics and Psychophysics of Music: An Introduction",
	author = "Juan G. Roederer",
	publisher = "Springer",
	edition = "Fourth Edition",
	year = "2008",
	isbn = "978-0387094700"
}

@Book{ JOSFM,
	title = "Mathematics of the discrete fourier transform (dft) with audio applications",	
        author = "Julious O. Smith\;III",
	url = "https://ccrma.stanford.edu/~jos/log/FM\_Spectra.html
",
	edition = "Second",
	year = "2012",
}
@Book{ JOSPhy,
	title = "Physical Audio Signal Processing (for virtual musical instruments and audio effects)",	
        author = "Julious O. Smith\;III",
	url = "https://ccrma.stanford.edu/~jos/pasp/",
	year = "2006",
}
@Book{ JOSFilt,
	title = " Introduction to Digital Filters (with audio applications)",	
        author = "Julious O. Smith\;III",
	url = "https://ccrma.stanford.edu/~jos/filters/",
	year = "2007",
}
@Book{ JOSSpec,
	title = "Spectral Audio Signal Processing",	
        author = "Julious O. Smith\;III",
	url = "https://ccrma.stanford.edu/~jos/sasp/",
 publisher={W3K Publishing},
	year = "2011",
    isbn="978-0-9745607-3-1"
}
@Book{ JOSFaust,
	title = "Audio Signal Processing in FAUST",	
        author = "Julious O. Smith\;III",
	url = "https://ccrma.stanford.edu/~jos/aspf/",
	year = "2012",
}

@article{music-dsp,
  title={musicdsp. org source code archive},
    author={Class, B.D. and Java, FFT and Wah, A. and Crusher, L.F. and Waveshaper, P. and Enhancer, S. and Matrix, S.F.R.V.T.}
}

@book{numpy,
    title={A Guide to NumPy},
    author={Oliphant, T.E.},
    volume={1},
    year={2006},
    publisher={Trelgol Publishing USA}
}

@Misc{ audiolab,
	furtherresp = "David Cournapeau",
	title = "Audiolab, a python package to make noise with numpy arrays",
	url = "http://www.ar.media.kyoto-u.ac.jp/members/david/softwares/audiolab/",
	urlaccessdate = "18 jan. 2013"
}
@book{tutPython,
    title={Python tutorial},
    author={G. Van Rossum and  Drake\;Jr,F. L. },
    year={1995},
    publisher={Odense Universitet, Institut for Matematik og Datalogi}
}
@Misc{ Steinberg, }
@Misc{ Waves, }
@Misc{ Sony, }
@Misc{ siteLM, 
	furtherresp = "\#labmacambira @ Freenode",
	title = "P\'agina principal do Lab Macambira",
	url = "http://labmacambira.sourceforge.net",
	urlaccessdate = "18 jan. 2013"
}
@Misc{ wikiLM,
	furtherresp = "\#labmacambira @ Freenode",
	title = "Wiki do Lab Macambira",
	url = "http://wiki.nosdigitais.teia.org.br/Lab\_Macambira",
	urlaccessdate = "18 jan. 2013"
 }
@Misc{ vimeoLM, 
	furtherresp = "\#labmacambira @ Freenode",
	title = "Canal Vimeo do Lab Macambira (mais de 700 videos)",
	url = "https://vimeo.com/channels/labmacambira",
	urlaccessdate = "18 jan. 2013"
}

@Misc{ MASSA,
	furtherresp = "Renato Fabbri and Luciano da Fountoura Costa and Osvaldo Novais de Oliveira Junior",
	title = "MASSA: música e áudio em sequências e séries amostrais",
	url = "http://labmacambira.git.sourceforge.net/git/gitweb.cgi?p=labmacambira/massa;a=blob;f=README.txt;",
	urlaccessdate = "18 nov. 2013"
}


@Misc{ FredNerk,
	furtherresp = "Produced by J. Drummond",
	title = "Book announcement 13 may 1997",
	url = "http://www.bdt.org.br/bioline/DBSearch?BIOLINE-L+READC+57",
	urlaccessdate = "25 nov. 1998"
}

@Misc{ BesselCCRMA,
        furtherresp = "Stanford Center for Computer Research in Music and Acoustics",
        title = "An Introduction To FM (Snd Manual)",
        url = "https://ccrma.stanford.edu/software/snd/snd/fm.html",
        urlaccessdate = "12 ago. 2012"
}



@Misc{ SoLinhadoTempo,
        furtherresp = "Wikipedia Foundation",
        title = "Linha do tempo de SO na Wikipedia",
        url = "http://en.wikipedia.org/wiki/Timeline\_of\_operating\_systems",
        urlaccessdate = "22 ago. 2011"
}

@Misc{ Heeger,
        furtherresp = "Professor David Heeger",
        title = "Perception Lecture Notes: Auditory Pathways and Sound Localization",
        url = "http://www.cns.nyu.edu/~david/courses/perception/lecturenotes/localization/localization.html",
        urlaccessdate = "16 out. 2012"
}

@Misc{ dmicrotuts,
        furtherresp = "Renato Fabbri",
        title = "12 Microtutoriais para iniciação em Django",
        url = "http://wiki.nosdigitais.teia.org.br/Microtutoriais",
        urlaccessdate = "22 ago. 2011"
}

@Misc{ quadros,
        furtherresp = "Renato Fabbri",
        title = "Quadros Sonoros",
        url = "http://labmacambira.git.sourceforge.net/git/gitweb.cgi?p=labmacambira/audioArt;a=blob\_plain;f=reduced-fi/reduced-fi-limpo.py;hb=HEAD",
        urlaccessdate = "20 out. 2012"
}

@Misc{ 3Trios,
        furtherresp = "Renato Fabbri",
        title = "3 Trios para oboé, flauta e fagote",
}

@Misc{ Audioexperiments,
        furtherresp = "Renato Fabbri e Tiago Tavares",
        title = "Audioexperiments",
        url = "https://www.assembla.com/spaces/audioexperiments/wiki",
        urlaccessdate = "12 jan. 2013"
}

@Misc{ repoDissertacao,
        furtherresp = "Renato Fabbri",
        title = "Reposit\'orio da Dissertação",
        url = "http://labmacambira.git.sourceforge.net/git/gitweb.cgi?p=labmacambira/dissertacao;a=tree;h=refs/heads/msc;hb=refs/heads/msc",
        urlaccessdate = "27 nov. 2012"
}
@Misc{ reduced-fi,
        furtherresp = "Renato Fabbri",
        title = "reduced-fi",
        url = "http://labmacambira.git.sourceforge.net/git/gitweb.cgi?p=labmacambira/audioArt;a=blob\_plain;f=reduced-fi/reduced-fi-limpo.py;hb=HEAD",
        urlaccessdate = "20 out. 2012"
}

@Misc{ wikipSndLoc,
        furtherresp = "Wikipedia, the free encyclopedia",
        title = "Sound localization",
        url = "http://en.wikipedia.org/wiki/Sound_localization",
        urlaccessdate = "22 ago. 2011"
}
